2399 2955
438 273 530 305 XXX

544 381 650 422 Nam
685 382 723 421 in
757 388 871 422 textu
906 381 1050 421 Leonis
1083 380 1330 420 recensendo
1369 396 1448 421 non
1490 388 1649 421 tantum
1695 380 1839 420 Leonis
1880 379 2142 419 Tacticorum

439 453 599 492 codices
642 453 855 506 inspicere,
890 452 1078 492 meliores
1121 450 1305 491 conferre
1346 451 1427 491 fuit
1467 452 1567 492 mihi
1600 452 1869 506 pmpositum,
1912 451 1982 491 sed
2020 451 2143 491 etiam

440 524 611 564 sontium
645 525 729 564 eius
753 524 1070 564 fumlamentum
1098 530 1305 576 utcunque
1330 523 1478 563 certius
1511 524 1611 563 mihi
1637 522 1943 576 redintegrandi
1973 522 2145 562 invaluit

438 596 663 635 consilium.
711 596 891 635 Leonem
936 595 1017 634 suis
1063 609 1154 633 cum
1201 594 1401 647 exemplis
1445 595 1546 635 adeo
1596 595 1693 635 artis
1738 594 1883 633 vinclis
1928 594 2142 633 cohaerere

437 673 611 717 constat7
682 674 729 707 ut
794 682 900 707 unus
966 667 1049 705 sine
1115 666 1243 705 altero
1310 666 1627 720 haudquaquam
1693 666 1889 719 praebeat
1958 665 2145 704 columen

437 739 583 778 stabile
625 739 848 778 firmiterve
892 738 1162 777 conlocatum.
1207 735 1327 786 Quod
1370 738 1422 777 ad
1468 738 1627 777 codices
1673 737 1930 776 'sacticorum
1974 736 2145 786 adtinet⁷

438 810 553 849 facile
600 818 687 849 erat
723 824 966 864 cognoscere
1011 810 1134 848 libros
1179 824 1273 848 mss.
1322 810 1476 862 primae
1522 809 1702 849 familiae
1748 808 1937 847 codicum
1980 815 2142 848 textum

438 882 615 921 maxime
647 882 870 935 genuinum
904 882 1114 934 praebere,
1148 881 1334 934 inprimis
1362 887 1404 920 Μ
1432 888 1523 928 (Μ,)
1547 888 1588 921 et
1618 887 1689 927 W3
1723 881 1792 934 qui
1825 886 2024 933 quantum
2048 894 2141 919 cum

437 953 625 993 Mediceo
660 953 817 993 Urbicii
856 953 1083 1003 concinant,
1120 959 1317 1005 (plantum
1350 952 1580 1006 saepissime
1623 952 1748 991 etiam
1781 951 1821 990 in
1853 950 2031 990 minimis
2063 950 2144 990 sint

437 1025 621 1078 congrui7
656 1025 855 1078 adparatu
891 1024 1031 1064 critico
1056 1024 1314 1073 inlustratur-3
1349 1023 1491 1063 ambos
1514 1039 1611 1078 ergo
1636 1023 1797 1063 codices
1830 1037 1882 1063 ex
1915 1023 2141 1076 archetypo

439 1096 501 1148 (u)
548 1096 696 1149 aliquo,
744 1095 853 1149 quod
898 1097 949 1135 ab
996 1096 1215 1149 exemplari
1262 1095 1442 1135 Leonino
1488 1095 1672 1135 derivare
1722 1095 1865 1148 possis,
1911 1094 2076 1134 fluxisse
2121 1108 2143 1133 6

437 1168 587 1208 codicis
621 1175 663 1207 M
696 1169 914 1208 vetustatis
949 1168 1163 1208 sanctitate
1197 1168 1523 1221 auctoritateque
1557 1167 1751 1220 conligas.
1787 1164 1869 1206 Sed
1902 1180 1995 1205 cum
2028 1165 2142 1206 codi-

436 1256 524 1281 cem
558 1248 609 1280 W
641 1256 692 1280 ex
725 1241 950 1294 archetypo
984 1241 1049 1280 illo
1084 1256 1110 1277 tn
1161 1240 1233 1279 sed
1272 1239 1351 1278 iam
1394 1246 1587 1289 correcto,
1628 1239 1793 1278 fluxisse
1835 1238 2039 1288 statueris,
2071 1238 2143 1278 has

429 1313 701 1352 correctiones
746 1313 869 1352 etiam
908 1313 947 1351 in
986 1312 1257 1364 archetypum
1304 1311 1546 1350 recensionis
1592 1310 1892 1349 Ambrosianae
1937 1309 2142 1363 irrepsisse

429 1398 650 1424 conmunes
674 1384 825 1423 codicis
853 1383 1184 1423 Vindobonensis
1209 1397 1301 1421 cum
1334 1390 1370 1421 A
1403 1382 1594 1422 lectiones
1626 1380 1679 1435 (e.
1710 1397 1770 1436 gr.
1808 1396 1865 1420 rs.
1902 1388 1978 1420 346
2005 1374 2047 1421 ‘O
2081 1379 2140 1429 δὲ,

429 1463 502 1495 357
533 1455 809 1511 ,ιιικρόηροι-ας
851 1463 925 1494 514
962 1452 1182 1507 alen'ssamffi,
1219 1462 1296 1493 520
1330 1448 1547 1506 ἀγαπῶσι,
1585 1460 1657 1493 657
1690 1451 1885 1493 δυνατῶν
1921 1454 2139 1507 γενὲσὲται,

429 1525 529 1580 ete.)
565 1533 604 1566 te
639 1527 734 1566 satis
767 1540 969 1579 superque
995 1526 1258 1565 convicerint.
1297 1523 1454 1574 Quibus
1479 1525 1795 1564 cru-rectionibus
1829 1524 1894 1563 hic
1929 1539 1990 1564 res
2014 1531 2139 1575 tacta,

428 1598 507 1637 illic.
542 1598 661 1637 lectio
694 1597 866 1651 genuina
906 1598 948 1636 in
995 1597 1172 1636 deterius
1214 1603 1370 1636 mutata
1415 1611 1499 1635 esse
1542 1596 1658 1635 facilc
1702 1596 1964 1649 intellegitur.
2000 1596 2071 1635 Ad
2103 1598 2141 1646 ἐξ

432 1672 605 1709 51-1115
641 1669 940 1708 6111151111111111115
974 1668 1060 1707 XX
1093 1669 1251 1707 codices
1283 1683 1304 1707 1·
1334 1675 1374 1707 et
1406 1682 1424 1706 s
1454 1668 1636 1719 adhibui7
1673 1683 1764 1706 cum
1799 1668 1866 1707 illa,
1899 1682 1993 1721 pars
2026 1674 2068 1707 et
2099 1667 2140 1706 in

427 1747 470 1779 Μ
501 1747 542 1780 et
574 1741 613 1779 in
645 1746 696 1778 W
728 1740 1043 1779 desideraretur.

550 1821 776 1860 1-666115111111
809 1821 959 1873 11ε1.11116,
996 1834 1098 1873 quae
1133 1820 1282 1859 dicitur
1316 1820 1603 1870 Ainbrosiana,
1638 1821 1686 1870 ei7
1724 1835 1828 1872 quac
1862 1821 1901 1859 in
1930 1819 2140 1872 exempla.-

430 1893 540 1932 ribus
573 1893 776 1932 secundae
818 1892 997 1932 familiae
1042 1898 1157 1946 patet
1191 1891 1322 1942 hodie,
1356 1891 1398 1930 id
1430 1891 1649 1945 praecipue
1694 1891 1871 1944 pretium
1903 1891 2140 1931 adtribuere

429 1964 541 2015 velis,
586 1965 695 2017 quod
731 1960 1035 2020 μεταφράσεις
1082 1969 1124 2005 et
1167 1958 1491 2018 γλωσσογράιροι
1529 1963 1754 2016 generatim
1798 1963 1943 2002 mereri
1985 1962 2137 2012 solent3

429 2036 543 2076 vides
580 2036 637 2076 ibi
669 2037 889 2076 sententias
932 2036 1081 2076 Leonis
1124 2036 1284 2089 saepius
1316 2036 1356 2074 in
1389 2035 1693 2074 concinniorem
1735 2034 1912 2074 formam
1954 2034 2139 2074 redactas

430 2109 513 2147 sive
569 2108 823 2161 explanatas,
880 2109 1003 2147 verba
1060 2108 1261 2160 quaedam
1321 2106 1501 2146 obsoleta
1558 2120 1651 2145 cum
1712 2106 1943 2146 recentioris
1991 2106 2138 2145 aetatis

430 2178 564 2217 verbis
603 2185 850 2228 conmutata,
883 2179 1008 2217 nihilo
1042 2193 1139 2218 vero
1177 2179 1309 2217 minus
1343 2178 1490 2217 certior
1524 2179 1571 2217 tis
1603 2193 1683 2217 non
1715 2184 1876 2217 tantum
1904 2178 1947 2217 in
1970 2177 2138 2230 quibus-

429 2249 524 2288 ‹lam
558 2248 712 2299 formis⁷
748 2250 878 2288 modis
911 2256 952 2289 et
986 2249 1242 2303 temporibus
1275 2249 1506 2299 verborum,
1542 2249 1611 2287 sed
1646 2249 1768 2288 etiam
1802 2249 1843 2287 in
1878 2247 2011 2287 verbis
2040 2247 2138 2300 ipsis

430 2328 470 2359 ct
517 2321 669 2359 voculis
722 2321 823 2360 hanc
875 2321 1157 2360 recensionem
1213 2334 1305 2359 cum
1359 2318 1567 2359 codicibus
1617 2319 1769 2359 Urbicii
1816 2319 1984 2358 hic—illic
2037 2318 2137 2359 mire

431 2392 671 2431 consentire.
721 2390 855 2440 Quare
895 2392 1140 2432 recensionis
1176 2391 1472 2430 Ambrosianae
1514 2390 1701 2444 princeps
1734 2397 1807 2437 (A)
1840 2390 2008 2429 minime
2050 2396 2138 2430 erat

431 2463 560 2503 codex
595 2464 884 2517 neglegendus.

542 2535 599 2573 Ex
631 2535 856 2587 archetypo
892 2535 1139 2574 recensionis
1165 2533 1466 2574 Ambrosianae
1498 2548 1546 2573 ea
1579 2534 1702 2574 etiam
1737 2533 1915 2573 recensio
1941 2539 2003 2572 est
2030 2538 2134 2583 orta,

432 2620 533 2658 quae
566 2606 604 2645 in
638 2606 749 2645 libris
782 2621 877 2645 mss.
914 2606 1058 2646 tertiae
1091 2606 1338 2661 scriptorum
1373 2604 1610 2644 militarium
1656 2605 1833 2645 familiae
1874 2610 1988 2657 patet
2023 2603 2136 2643 latis-

432 2677 553 2726 simc3
590 2691 685 2730 ergo
719 2694 738 2716 e
773 2677 979 2717 codicibus
1015 2677 1131 2717 liuius
1165 2676 1345 2717 familiae
1379 2676 1404 2715 ii
1437 2675 1603 2715 fuerunt
1635 2676 1870 2725 adhibendi,
1895 2675 1963 2729 qui
1986 2675 2135 2715 codicis
