2399 2955
1902 237 2005 268 XXIX

307 341 425 395 195),
459 342 528 381 sed
564 349 698 382 utrum
732 358 779 382 ea
812 348 987 393 tautum,
1031 358 1135 396 quae
1169 343 1258 382 cod.
1294 350 1358 389 81.,
1391 344 1598 392 exhibeat,
1631 360 1680 384 an
1714 361 1773 395 ea,
1812 360 1915 398 quae
1938 352 2006 391 78„

301 413 517 464 contineat,
560 414 740 468 iuspecto
784 414 969 465 catalog-o
1013 415 1176 454 laudato
1220 415 1386 454 minime
1433 415 1691 467 edoceberis3
1739 417 1864 456 habet
1910 432 2006 470 ergo

299 491 448 541 partes,
483 500 599 540 quae,
635 493 679 527 ut
711 487 751 526 in
783 485 870 525 cod.
903 493 973 533 87„
1008 486 1107 526 mihi
1140 486 1283 526 itidem
1318 492 1413 527 sunt
1445 487 1619 540 ignotae.

854 678 915 727 11.
947 678 1013 726 De
1044 678 1233 727 ratione
1265 678 1450 726 edendi.

407 781 598 821 lim-dam·
635 782 721 835 (op.
767 781 791 820 Ι.
842 781 914 831 ΙΙΙ,
961 780 1038 835 23)
1089 786 1261 820 testatur
1302 780 1489 821 Venctiis
1540 783 1649 821 1552
1694 783 1731 821 iu
1777 784 1820 821 4'
1862 798 2005 834 graece

294 854 492 909 prodiisse
516 869 573 904 ca,
599 869 703 907 quae
736 853 825 892 cod.
851 861 911 893 34.
935 867 957 893 e
983 853 1129 892 Leonis
1153 852 1328 892 Tacticis
1351 853 1533 893 exhibet.
1558 854 1707 893 Totum
1734 869 1835 907 opus
1867 860 2005 894 autem

295 926 471 980 primum
503 925 676 965 Joannes
708 924 905 964 Memsius
938 923 1154 978 (Lugduni
1186 924 1451 974 Batavorum,
1481 928 1611 975 1612,
1646 925 1684 964 in
1720 923 1786 979 4)
1820 926 2007 979 vulgavit

291 1003 486 1037 contextu
532 1012 553 1037 e
586 998 718 1038 tribus
763 997 973 1037 codicibus
1017 997 1312 1047 contaminato,
1348 1010 1522 1049 quorum
1566 996 1720 1050 primus
1758 996 2007 1050 (Palatinus)
2056 986 2174 1048 Μρᾗξᾛ

290 1076 450 1124 praeter
504 1070 758 1123 prooemium
812 1068 1123 1108 constitutiones
1168 1067 1231 1107 XI
1275 1068 1442 1121 priores,
1489 1068 1594 1107 XIV
1601 1067 1767 1107 —XVI
1813 1074 1854 1108 et
1898 1068 2006 1108 XIX

290 1141 641 1196 conplectebatur,
688 1141 889 1181 secundus
933 1139 1228 1195 (Pistorianus)
1271 1140 1411 1191 XVII,
1454 1140 1619 1190 XVIII,
1663 1139 1747 1179 XX
1790 1147 1831 1180 et
1865 1141 2006 1195 Argu·
2030 1129 2198 1192 „Jflfflrffi

292 1220 477 1253 mentum
519 1213 559 1252 in
602 1213 774 1268 Epilogo
807 1213 957 1253 editori
994 1213 1197 1266 praebuit,
1232 1213 1375 1252 tertius
1407 1211 1655 1266 (Parisinus)
1690 1212 2004 1252 constitutiones
2025 1210 2201 1274 cffigssrtsgh

291 1285 372 1325 XII
415 1292 457 1325 et
489 1285 597 1325 XIII
639 1285 935 1339 suppeditavit.
984 1284 1163 1325 Textum
1210 1284 1500 1334 Meursianum,
1558 1284 1744 1338 inprimis
1791 1285 1831 1323 in
1872 1285 2005 1338 priore

287 1358 419 1412 operis
462 1364 576 1412 parte
618 1357 987 1398 innumerabilibus
1029 1357 1189 1397 mendis
1242 1357 1512 1410 inquinatum,
1558 1362 1779 1409 postquam
1821 1355 1856 1395 T
1853 1356 2006 1396 he'venot

289 1430 328 1470 in
354 1429 458 1469 libro
484 1429 599 1470 Vett.
635 1429 1029 1470 Mathematicorum
1055 1428 1196 1482 Opera
1220 1429 1420 1482 inscripto
1445 1428 1645 1484 (Parisiis,
1677 1429 1804 1479 1693,
1829 1443 1866 1482 p.
1895 1427 2004 1482 330)

290 1501 432 1551 verba,
468 1502 509 1541 ni
542 1501 680 1553 fallor,
713 1517 733 1542 e
767 1501 860 1542 cod.
895 1509 941 1541 22
983 1501 1205 1554 descripta,
1251 1501 1349 1540 inde
1382 1516 1405 1540 a
1448 1496 1598 1539 miz-m
1641 1495 1808 1554 ὄργανα
1855 1506 2003 1546 (2202.)

289 1587 416 1627 usquo
470 1573 523 1613 ad
578 1574 724 1630 φέρειν
767 1580 912 1620 (1244),
958 1573 1179 1627 impressit,
1232 1573 1371 1612 codice
1416 1572 1691 1612 Laurentiano
1736 1572 2001 1612 celeberrimo

288 1646 451 1686 conlato
495 1646 633 1699 aliqua
675 1660 725 1685 ex
772 1651 889 1699 parte
931 1645 1162 1699 politiorem
1201 1644 1382 1684 reddidit
1422 1643 1594 1683 ‹lomina-
1626 1643 1760 1683 Lamia·
1803 1644 2003 1684 industria

286 1716 550 1772 (threntiae,
590 1720 721 1768 1745,
758 1717 956 1757 columnis
991 1718 1234 1757 mmmmm)
1270 1716 1487 1756 voluminis
1520 1713 1600 1755 VI'i
1626 1715 1809 1770 Operum
1835 1716 1998 1755 Meursii

288 1789 485 1840 omnium,
523 1790 561 1829 in
594 1788 716 1844 folf),
749 1789 937 1830 acumine
969 1796 1107 1829 autem
1151 1814 1197 1817 <a
1229 1788 1378 1829 relictis
1411 1788 1751 1841 ambiguitatibus
1776 1813 1831 1815 —-
1859 1803 2001 1827 manu-

289 1861 391 1901 feste
437 1861 569 1902 inrito.
617 1861 797 1902 Textum
842 1877 862 1900 a
909 1861 1050 1901 Lamio
1096 1860 1352 1915 recognitum
1395 1861 1542 1900 iterum
1584 1860 1738 1913 publici
1778 1860 1872 1899 iuris
1906 1859 2002 1899 fecit

286 1932 324 1973 J.
347 1933 395 1973 P.
419 1933 550 1985 Mifflw
578 1933 639 1988 (in
674 1933 929 1986 Patrsssogiae
963 1947 1102 1973 cursus
1135 1933 1251 1973 seriei
1284 1947 1454 1985 graecae
1480 1932 1609 1972 vol-e
1638 1934 1738 1983 107,
1764 1947 1821 1971 cc.
1851 1933 1935 1970 (572
1956 1958 1997 1959 W

298 2007 422 2056 1094,
466 2005 504 2045 in
552 2004 594 2040 δ’)
641 2005 803 2045 maioris
847 2004 1036 2059 formae),
1082 2004 1153 2044 scd
1192 2004 1409 2058 quominus
1447 2004 1763 2044 fundamentam
1799 2003 1998 2043 lubricum

294 2077 531 2117 Lamiamun
555 2077 809 2131 aliquantum
834 2077 1004 2125 tolleret,
1027 2076 1192 2116 oinnino
1216 2075 1454 2127 refrenatus,
1490 2076 1748 2116 nihilosecius
1771 2075 1996 2125 „minima“

289 2148 487 2201 sagaciter
522 2151 721 2198 „curans“
758 2149 901 2189 editor.
933 2148 961 2187 1⁴]
986 2148 1216 2188 recensione
1250 2146 1585 2187 Constantinial‘la
1617 2148 1773 2201 aliquas
1798 2154 1937 2201 partes
1963 2147 1997 2187 iu

292 2220 423 2260 lucem
458 2235 550 2260 cum
584 2221 727 2269 Mem-s,
760 2227 848 2261 tum
886 2219 1004 2260 Lami
1035 2220 1217 2270 edidere,
1253 2219 1317 2259 ille
1350 2234 1371 2258 e
1405 2220 1493 2259 cod.
1529 2228 1603 2267 80.,
1638 2219 1701 2259 bic
1735 2236 1755 2259 e
1791 2220 1812 2259 Ι.
1841 2235 1913 2258 ms.
1945 2229 1998 2260 81.

290 2290 350 2344 (v.
377 2291 531 2346 supra).
558 2292 663 2332 (lum
690 2292 1024 2332 constitutionem
1056 2291 1204 2331 XVIII
1228 2308 1261 2331 a.
1292 2294 1404 2331 1897
1430 2291 1595 2346 (laoo)
1619 2293 1714 2345 ipse,
1739 2309 1786 2331 co
1812 2299 1998 2345 tempore

291 2376 434 2415 parum
471 2363 630 2403 subtilis
662 2363 921 2403 'l‘acticorum
960 2363 1156 2403 sermonis
1192 2363 1316 2403 iudex
1349 2369 1389 2403 et
1424 2363 1603 2414 callidus,
1649 2364 1879 2412 edidissem,
1915 2364 1998 2403 vol-

292 2434 481 2474 ventibus
509 2435 625 2475 annis
649 2442 812 2488 tempus
845 2436 1017 2489 cognovi
1053 2435 1295 2486 maximum,
1329 2441 1374 2475 ut
1405 2434 1662 2475 'I'actifflrum
1690 2435 1836 2475 Leonis
1860 2449 1998 2475 recen-

290 2505 442 2545 sionem
479 2507 1108 2547 meliorerationeinstauratam
1143 2507 1426 2560 adparatuque
1459 2507 1646 2547 solidiore
1680 2508 1918 2546 instructam
1945 2507 1993 2546 ad

291 2576 503 2617 doctorum
540 2579 717 2618 virorum
752 2593 866 2618 usum
908 2604 949 2608 ψ
978 2579 1069 2627 beu,
1096 2594 1177 2619 uon
1199 2580 1283 2618 sine
1310 2579 1426 2631 pleno
1451 2579 1755 2619 dubitatiomun
1779 2579 1914 2618 animo
1940 2603 1983 2605 ⁷—

293 2647 536 2689 destinarem
544 2681 550 2688 .
