2399 2955
1856 225 1995 258 XXXII]

391 330 472 372 Sed
520 332 707 386 quamvis
761 332 838 372 boc
884 331 1010 371 modo
1056 333 1097 372 in
1144 332 1220 372 hae
1266 332 1451 373 editione
1498 333 1740 374 adornanda
1795 334 1993 386 gravibus

285 403 460 444 testibus
483 403 563 444 frui
584 404 852 457 potuerimus,
874 404 1006 444 multo
1028 404 1159 458 magis
1179 410 1316 444 fontes
1348 400 1379 431 ¹⁴’
1404 404 1554 445 Leonis
1574 412 1691 445 erant
1712 406 1993 460 investigandi

283 482 324 516 ct
360 476 618 530 inspiciendi.
647 475 847 526 Quocirca
873 491 957 515 non
992 475 1118 515 modo
1142 475 1302 516 Urbicii
1336 476 1498 517 codices
1533 463 1835 517 vetustissimos
1859 478 1994 518 Medi-

284 561 400 587 ceum
438 554 528 595 (M),
572 547 1132 587 Parisino-Barberinianum
1175 554 1250 597 (P),
1284 547 1540 588 Vaticanum
1583 555 1654 595 (V)
1697 549 1868 600 excussi,
1911 565 1994 589 non

283 624 447 659 tantum
473 619 558 659 eius
583 618 866 659 recensionem
891 618 1220 658 Ambrosianam
1253 619 1295 658 in
1320 619 1463 660 codiee
1486 627 1524 659 A
1552 626 1762 660 servatam
1787 621 1995 675 descripsi,

280 691 355 731 sed
410 692 535 731 etiam
590 690 786 744 descripsi
839 689 1076 731 Onasandri
1132 690 1417 731 recensionem
1463 691 1791 731 Ambr‹j›siana1n
1838 699 1911 738 (A)
1955 698 1997 732 et

280 762 334 802 ad
370 762 666 803 Onasandrum
701 762 873 802 1110-11110
906 762 1068 816 inspexi
1098 762 1250 802 librum
1281 762 1519 803 Mediceum
1558 766 1645 806 (M).
1687 763 1762 803 His
1804 763 1995 804 subsidiis

281 833 389 874 nisus
422 849 508 873 non
541 834 674 874 solum
707 839 848 874 textus
883 834 1059 874 evasisse
1093 849 1116 873 a
1150 834 1291 874 Leone
1324 834 1367 874 in
1401 849 1519 875 usum
1545 841 1715 874 vocatos
1740 835 1995 885 001150(1,50(1

280 905 407 946 etiam
436 905 731 946 auctoritatem
774 905 969 945 editionis
1011 920 1059 945 ac
1100 905 1228 946 fidem
1269 906 1436 946 firmata
1481 921 1567 947 esse
1610 921 1732 947 nemo
1773 906 1863 958 erit,
1897 906 1994 962 quin

279 977 510 1032 intellegat.

386 1049 436 1089 In
474 1055 598 1089 textu
643 1050 898 1090 recensendo
945 1049 1077 1089 codici
1120 1056 1164 1090 M
1210 1050 1337 1090 tribui
1381 1049 1624 1102 maximam,
1671 1049 1743 1090 sed
1788 1051 1858 1090 ubi
1904 1065 1995 1091 011111

282 1121 472 1161 fontibus
502 1137 587 1162 non
621 1122 845 1176 conspirat,
880 1122 1082 1162 minorem
1112 1146 1165 1150 —-
1193 1128 1239 1161 ut
1263 1136 1339 1175 par
1363 1128 1426 1162 est
1450 1146 1509 1150 —
1534 1122 1843 1162 auctoritatem.
1869 1121 1909 1163 Si
1934 1129 1996 1163 est

280 1193 487 1247 quaedam
513 1194 737 1247 corruptio,
764 1207 958 1247 processu
983 1193 1067 1233 eius
1090 1194 1252 1247 saepius
1273 1193 1356 1233 iam
1375 1193 1509 1234 codex
1530 1209 1559 1233 α
1579 1194 1833 1248 depravatus
1853 1195 1995 1245 evasit,

278 1265 523 1319 praesertim
553 1272 722 1319 propter
754 1265 1089 1306 conmutationes
1121 1265 1327 1306 vocalium
1361 1281 1405 1314 ω,
1443 1279 1493 1307 ου
1518 1272 1560 1306 01
1584 1279 1622 1315 0,
1649 1280 1729 1320 qua
1753 1281 1796 1306 re
1826 1266 1996 1321 cognita

279 1337 421 1391 scripsi
454 1337 607 1390 ubique
635 1333 912 1394 μανδάτωρα
945 1336 1041 1392 (pro
1062 1333 1366 1394 μαυδάτορα),
1391 1333 1630 1392 κούρσωρες·
1657 1345 1698 1378 01
1723 1338 1883 1378 similia.
1911 1337 1995 1378 Ubi

279 1408 516 1463 corruptela
534 1414 577 1447 et
592 1409 635 1448 in
652 1407 824 1448 Urbicio
844 1415 885 1449 et
904 1410 946 1449 in
964 1409 1115 1449 Leonis
1134 1408 1346 1449 codicibus
1363 1409 1547 1450 eiusdem
1565 1409 1721 1450 tenoris
1739 1416 1842 1462 erat,
1861 1424 1995 1464 neque

281 1481 322 1521 in
341 1486 462 1521 textu
473 1480 631 1521 Urbicii
648 1495 783 1534 neque
802 1482 914 1535 apud
933 1482 1117 1522 Leonem
1135 1481 1340 1522 inmutavi
1356 1482 1504 1532 locum,
1518 1482 1591 1522 sed
1607 1482 1771 1537 signum
1789 1482 1918 1523 crucis
1929 1479 1996 1538 (ᾖ)

279 1553 395 1607 posui
419 1559 530 1604 ante,
552 1567 645 1593 cum
670 1568 755 1593 non
781 1568 832 1594 ex
857 1568 965 1593 vano
991 1560 1083 1593 orta
1108 1554 1301 1608 glisceret
1324 1554 1514 1607 suspicio,
1539 1552 1613 1609 (cf.
1636 1569 1701 1595 ex.
1723 1569 1784 1608 gr.
1810 1554 1905 1605 VII,
1926 1557 1994 1604 32,

280 1627 350 1676 55,
388 1624 463 1676 IX,
500 1626 541 1677 9,
577 1624 695 1676 XIV,
729 1627 786 1665 44
821 1625 984 1680 [Mgn.},
1018 1625 1181 1676 XVIII,
1219 1624 1266 1680 (5)
1298 1626 1350 1665 ab
1396 1626 1647 1679 imperatore
1693 1633 1834 1666 nostro
1883 1625 1994 1666 haud

278 1697 361 1738 scio
408 1711 461 1736 an
508 1697 660 1750 ubique
706 1703 817 1738 recte
862 1698 1122 1738 intellectum
1164 1704 1206 1738 et
1241 1697 1494 1751 descriptum
1529 1704 1655 1752 atque
1688 1704 1832 1738 curate
1864 1698 1995 1738 inter-

280 1775 492 1823 pretatum
527 1783 614 1809 esse
648 1776 863 1810 auctorem
898 1784 991 1810 eum
1026 1770 1244 1822 incertum,
1280 1783 1403 1823 quem
1437 1784 1514 1824 ego
1545 1769 1761 1810 Urbicium
1787 1784 1994 1824 nuncupo,

278 1841 345 1881 alii
400 1841 658 1892 Maurieium,
712 1842 860 1882 iterum
916 1842 985 1882 alii
1038 1841 1193 1882 Rufum
1248 1841 1482 1893 nominant,
1538 1841 1844 1882 recentissimus
1894 1857 1993 1882 vero

279 1912 502 1967 indagator
535 1913 685 1954 Leonis
717 1913 980 1954 Tactieorum
1024 1913 1202 1954 eundem
1246 1928 1333 1954 0550
1377 1928 1470 1953 eum
1512 1914 1764 1968 imperatore
1799 1913 1992 1954 Heraclio

281 1985 535 2025 multimodis
585 1986 792 2040 exposuit.
844 1984 1115 2026 coniecturas
1158 2000 1270 2026 meas
1311 1985 1364 2026 ad
1408 1984 1716 2037 Onasandrum,
1757 1985 1993 2036 Aelianum,

282 2056 552 2109 Arrhianum,
588 2057 802 2099 Urbicium
839 2065 882 2098 et
914 2057 968 2098 ad
1005 2058 1199 2109 „Inedita
1233 2058 1404 2098 Tactiea
1432 2057 1611 2098 Leonis“
1639 2057 1772 2098 factas
1797 2057 1992 2098 asterisco

279 2143 299 2166 =·„·
343 2129 501 2180 notavi,
554 2144 614 2181 ea,
657 2144 763 2184 quae
805 2130 1028 2171 inserenda
1073 2129 1225 2181 censui,
1268 2129 1429 2170 uncinis
1483 2129 1661 2183 obliquis
1710 2125 1771 2187 <>,
1822 2144 1924 2184 quac
1971 2146 1993 2169 a,

283 2199 454 2241 librariis
494 2201 666 2242 inducta
707 2208 749 2242 01
789 2202 975 2253 insiticia,
1030 2202 1243 2256 quadratis
1278 2204 1330 2253 [1,
1367 2202 1495 2242 verba
1530 2201 1570 2241 in
1606 2201 1844 2255 parenthesi
1881 2201 1989 2241 (licta

284 2271 431 2313 lunatis
463 2272 522 2326 ()
555 2274 700 2327 saepsi.
737 2274 859 2324 Quod
892 2274 944 2313 ad
979 2289 1064 2314 rem
1098 2273 1466 2328 orthographicam
1496 2272 1672 2324 adtinet,
1696 2266 1927 2325 &vestig-iis
1953 2273 1992 2312 111

282 2343 492 2384 codicibus
536 2346 709 2385 servatis
754 2346 950 2400 adparuit
984 2346 1110 2386 etiam
1157 2346 1198 2385 in
1244 2346 1319 2385 hac
1366 2360 1408 2385 re
1454 2345 1638 2386 Leonem
1684 2360 1775 2385 011111
1823 2345 1991 2386 Urbicio

392 2476 396 2491 ¹
417 2475 459 2502 Ad
480 2484 509 2501 ve
527 2480 561 2504 ’16
582 2475 608 2501 111
631 2476 691 2502 cod.
712 2480 750 2502 W
771 2476 818 2503 sol.
842 2477 867 2502 1r
892 2478 977 2510 atque
999 2477 1025 2503 in
1047 2487 1060 2502 ι·
1081 2476 1106 2502 111
1130 2485 1191 2510 nige
1222 2477 1274 2503 hoc
1303 2476 1441 2503 scholium
1471 2477 1513 2502 est
1537 2476 1692 2503 traditum:
1721 2477 1859 2509 ιὶρρκινοῦ,
1889 2469 1990 2503 ualeat,

283 2518 378 2556 nuor'z'.
399 2522 542 2562 dunadvd'q',
565 2530 648 2563 μηνῆ,
668 2522 790 2559 πολυαιιιῗ,
810 2532 950 2565 συριηνοῡ,
971 2530 1153 2565 πλουιᾶρχου,
1178 2530 1211 2555 ad
1233 2537 1302 2562 quos
1322 2530 1450 2556 auctores
1471 2530 1514 2556 eff.
1536 2530 1589 2556 [nc⁴
1610 2530 1729 2563 scriptor
1750 2530 1811 2562 ΒΝΖ.
1832 2538 1902 2556 saec.
1925 2529 1955 2554 Χ.
1978 2540 1989 2554 ιι

283 2581 326 2598 me
346 2573 446 2605 editus,
468 2583 494 2607 p.
515 2574 559 2603 ix,
580 2576 609 2601 et
629 2574 796 2608 opusculum
827 2583 918 2602 meum
943 2575 1039 2605 „Bolos
1060 2575 1113 2601 ΙΝ)
1135 2574 1297 2600 ιἐιί5κιὶιἾ1111ῑ
1317 2574 1337 2600 Α
1361 2573 1425 2600 badi
1447 2574 1600 2600 taktikr‘zrdl
1623 2574 1695 2600 szold
1717 2573 1866 2606 munkrija⁴⁴
1888 2573 1989 2607 (Euda

284 2617 393 2650 pontini.
417 2618 494 2651 1898)
514 2628 540 2652 p.
555 2621 587 2645 66
609 2620 638 2645 et
657 2629 694 2650 su,
715 2619 789 2652 quod
809 2620 844 2646 ad
865 2620 1036 2653 Polyaenum
1057 2622 1086 2646 ct
1105 2619 1251 2653 Syrianum
1272 2620 1390 2653 spectat,
1405 2619 1439 2645 cf.
1455 2618 1541 2646 Const.
1556 2620 1681 2653 Porphyr.
1698 2619 1736 2645 Dc
1751 2618 1844 2645 cerini.
1860 2618 1914 2644 aul.
1931 2619 1991 2651 Bya.

285 2662 430 2696 Appendix
451 2672 477 2697 ιι.
497 2664 556 2690 467.

1865 2716 1885 2741 V
