2399 2955
413 611 656 666 Quanquam
699 611 950 652 lineamenta
994 611 1111 654 huius
1155 611 1348 653 editionis
1390 612 1473 652 iam
1508 612 1549 652 in
1583 611 1784 653 relatione
1814 610 1869 652 ad
1903 613 2014 652 Aca-

306 685 487 725 demiam
528 683 815 737 Hungarieam
854 698 890 723 a.
931 683 1048 724 1894
1093 683 1258 737 prolata
1301 683 1480 736 (Jelenaeze
1520 683 1598 723 Leo
1639 682 1808 736 Sapiens
1847 682 2015 723 talctz’lcus

300 755 569 808 munkcijdnak
600 754 855 803 ke'ziratairol,
888 754 1141 795 Akade'miai
1174 744 1370 807 Ertesito',
1404 770 1446 810 p.
1474 755 1740 809 577—583)
1773 755 1947 809 exposui
1971 761 2014 796 et

303 828 577 869 fundamenta
610 833 709 867 ante
746 841 878 867 annos
911 826 997 867 fere
1030 826 1174 867 decem
1208 827 1251 867 in
1282 826 1575 867 dissertatione
1607 826 1694 866 Zur
1722 815 2014 880 Uberlieseruwy

300 898 670 953 mittelqrieelziseher
716 897 897 938 Taktiker
939 898 1136 953 (Byzant.
1183 897 1421 939 Zeitschrift
1463 899 1548 939 XV
1583 900 1637 939 47
1646 898 1786 953 —S7)
1818 899 2014 953 inscripta

301 972 442 1026 paucis
489 971 717 1022 conlocavi,
764 984 830 1010 me
875 971 991 1010 iuvat
1036 971 1100 1010 hie
1146 971 1188 1010 in
1225 971 1343 1011 brevi
1380 977 1604 1024 conspeetu
1642 970 1777 1024 aliqua
1812 985 1863 1011 ex
1897 976 2013 1024 parte

301 1044 481 1084 curatius
515 1043 726 1083 disserere.

810 1207 846 1256 1.
878 1207 945 1255 De
976 1208 1115 1256 libris
1147 1208 1502 1270 manuscriptis

976 1311 1003 1346 1.
1030 1309 1161 1347 Codices
1190 1309 1337 1347 adhibiti.

864 1401 907 1454 a)
938 1400 1052 1441 Libri
1077 1400 1234 1454 primae
1256 1400 1453 1452 familiae.

404 1518 432 1551 1.
469 1509 665 1550 Omnium
694 1524 787 1550 mss.
812 1509 1192 1563 praestantissimus
1221 1516 1283 1549 est
1313 1515 1822 1550 mediceo-Laurentianus
1849 1524 1906 1556 gr.
1935 1515 2010 1556 LV,

296 1589 334 1628 4,
366 1582 656 1622 membraneus
690 1582 732 1621 in
770 1581 885 1632 folio,
931 1596 1034 1621 saec.
1077 1581 1119 1620 X
1160 1581 1366 1633 exeuntis,
1401 1580 1488 1621 foll.
1534 1581 1637 1620 407.
1682 1580 1823 1621 Habet
1858 1581 2010 1621 Leonis

297 1653 466 1709 Taetiea
507 1653 617 1694 foliis
661 1654 934 1694 283Γ-4Ο4ν
976 1660 1018 1692 et
1059 1653 1160 1692 406.
1202 1653 1294 1692 Hoc
1337 1653 1389 1692 de
1423 1651 1565 1693 codiee
1598 1653 1880 1693 disseruerunt
1914 1652 2009 1692 inde

297 1739 320 1764 a
352 1724 556 1765 Bandz'nio
587 1725 797 1779 (Epistola
830 1724 882 1765 de
914 1725 1183 1765 celeberrimo
1218 1725 1310 1764 cod.
1357 1725 1622 1765 Taetieoruin
1666 1724 1766 1765 bibl.
1813 1724 2006 1765 Laurent.

298 1796 563 1849 {Florentiae,
603 1797 1012 1850 17611--Catalogus
1050 1795 1173 1836 eodd.
1218 1812 1314 1836 mss.
1348 1811 1510 1851 graece.
1547 1797 1647 1837 bibl.
1684 1796 1806 1837 Laur.
1840 1796 1895 1836 ΙΙ.
1936 1811 2006 1851 pp.

299 1867 564 1923 218—238)
594 1860 664 1908 Fr.
698 1868 834 1909 Haase
867 1868 951 1922 (De
984 1868 1223 1908 militarium
1257 1868 1505 1922 scriptorum
1546 1883 1787 1923 graefflruni
1831 1875 1873 1909 et
1914 1869 2008 1908 lati-

296 1954 443 1980 norum
479 1940 666 1981 omnium
705 1940 889 1980 editione
923 1940 1182 1980 instituenda
1216 1940 1400 1980 narratio
1436 1940 1650 1991 {Bel-oliui,
1691 1940 1824 1990 1847!
1864 1955 1903 1993 p.
1951 1940 2005 1979 28

296 2018 338 2052 et
379 2013 446 2065 s.)‚
491 2011 543 2052 K.
585 2011 636 2052 K.
670 2012 810 2053 Midler
842 2012 940 2066 (Ein
981 2012 1257 2065 griechisehes
1299 2012 1530 2065 Fragment
1574 2013 1677 2052 iiber
1720 2011 2009 2066 Kriegswesen

297 2083 559 2133 {Festschrift
592 2083 660 2124 fiir
708 2084 878 2136 Ludwig
920 2084 1096 2135 Urlichs,
1140 2084 1392 2137 Wiirzlmrg,
1439 2084 1574 2134 1880!
1613 2098 1682 2138 pp.
1730 2083 2006 2136 106—108),

296 2154 351 2194 Io.
383 2154 525 2195 Mellmr
556 2155 617 2209 (in
655 2156 938 2207 rewgnitione
969 2156 1164 2196 editionis
1209 2155 1407 2208 Polyaeni
1442 2154 1780 2195 Wsmlfflinianae
1816 2155 2007 2209 {Li1›siae,

301 2226 434 2277 1887}
490 2241 528 2281 p.
576 2227 717 2281 XIX),
774 2226 997 2267 melma-das
1051 2226 1219 2267 Salmone
1275 2227 1336 2280 (in
1391 2227 1575 2267 editione
1632 2227 1799 2268 Aeneae
1850 2227 2007 2267 'l'aetiei

298 2298 489 2352 [Lipsiae‚
542 2301 689 2350 19111,
734 2314 804 2354 pp.
844 2300 1044 2353 Vm-Xl).
1100 2300 1223 2340 Liber
1268 2299 1394 2339 etiam
1441 2299 1481 2338 in
1528 2314 1574 2338 ea
1624 2304 1754 2352 parte,
1802 2313 1907 2352 quae
1952 2297 2004 2337 ad

296 2376 482 2410 nostrum
527 2378 741 2411 auctorem
795 2372 972 2423 adtinet,
1028 2371 1331 2425 aliquantillum
1387 2376 1603 2410 truncatus
1657 2376 1800 2411 extat:
1856 2369 2006 2410 desunt

297 2440 406 2480 enim
440 2442 646 2497 plagulae,
681 2443 829 2496 quibus
864 2443 991 2483 verba
1025 2442 1121 2483 inde
1145 2458 1167 2482 a
1193 2442 1500 2482 constitutionis
1524 2441 1631 2482 XIII
1657 2441 1922 2496 paragrapho
1952 2443 1998 2479 ll

299 2509 425 2568 (μίαν
460 2508 583 2568 1¹1)—
609 2512 716 2554 XIV
753 2515 777 2552 2
813 2509 906 2568 (διά
941 2510 1108 2570 λόγων),
1144 2513 1273 2554 XVII
1309 2515 1366 2552 44
1399 2513 1561 2567 (Mgn.)
1596 2511 1812 2570 (ἕπε’ρχου)
1849 2536 1907 2540 —
1947 2513 2003 2551 66

299 2580 623 2640 (πεμπομέι-ης),
658 2585 765 2625 XIX
809 2585 862 2625 68
899 2585 1059 2640 (Mgn.)
1093 2582 1327 2641 (συνήθων)
1366 2610 1421 2615 —
1458 2587 1515 2625 75
1551 2580 1792 2641 (εἰρήσθω),
1826 2583 1911 2624 XX
1947 2584 1996 2623 81

1859 2661 1898 2687 n.
